@book{latexcompanion,
  author    = "Frank Mittelbach and Michel Goossens",
  title     = "The LaTeX Companion",
  year      = "2004",
  publisher = "Addison-Wesley",
  edition   = "2nd"
}

@book{knuth1984texbook,
  author    = "Donald E. Knuth",
  title     = "The TeXbook",
  year      = "1984",
  publisher = "Addison-Wesley"
}

@book{lamport1994latex,
  author    = "Leslie Lamport",
  title     = "LaTeX: A Document Preparation System",
  year      = "1994",
  publisher = "Addison-Wesley"
}